% This file was created with Citavi 6.12.0.0

@misc{ITGlossar.2021,
 author = {IT-Glossar},
 year = {2021},
 title = {Framework},
 url = {https://www.modernizing-applications.de/it-glossar/framework-definition/}
}


@misc{ZeitIstGeld.2022,
 year = {2022},
 title = {Zeit ist Geld},
 url = {https://www.wortbedeutung.info/Zeit_ist_Geld/}
}


